@online{ang_ml,
	title = {Machine Learning Specialization},
	author = {Andrew Ng},
	year = {2022},
	url = {https://youtu.be/vStJoetOxJg}
}

@online{ddl_book,
	title = {Dive into Deep Learning},
	author = {Aston Zhang and Zachary C. Lipton and Mu Li and Alexander J. Smola},
	year = {2021},
	url = {https://d2l.ai/}
}

@online{ova,
	title = {Deep Learning: Logistic Regression},
	author = {Anshumali Shrivastava},
	year = {2022},
	url = {https://www.cs.rice.edu/~as143/COMP642_Spring22/Scribes/Lect5}
}