@online{q1,
	title = {MIT, 18.06 - Linear Algebra, https://web.mit.edu/18.06/www/Spring10/18.06-Final-Sp2010.pdf},
}

@online{q2,
	title = {MIT, 6.036, Machine Learning, https://introml.mit.edu/6.036-Midterm-Fall-2021-solutions.pdf},
}

@online{q3,
	title = {Stanford University, CS 230, Deep Learning, https://cs230.stanford.edu/files/cs230exam-fall18-soln.pdf},
}

@online{q4,
	title = {Duke University, Math 164, Optimization, https://www.maths.dur.ac.uk/2016Spring/164-mt2-solutions.pdf},
}